<record><leader>00000cas a22000007a 4500</leader><controlfield tag="001">12164329</controlfield><controlfield tag="008">850617d18921893aluwr ne      0    0eng d</controlfield><datafield ind1=" " ind2=" " tag="010"><subfield code="a">sn 85044750 </subfield></datafield><datafield ind1=" " ind2=" " tag="040"><subfield code="a">ABJ</subfield><subfield code="b">eng</subfield><subfield code="c">ABJ</subfield><subfield code="d">CPN</subfield><subfield code="d">OCLCQ</subfield></datafield><datafield ind1=" " ind2=" " tag="042"><subfield code="a">msc</subfield></datafield><datafield ind1="0" ind2=" " tag="130"><subfield code="a">Magnet (Shelby, Ala.)</subfield></datafield><datafield ind1="1" ind2="4" tag="245"><subfield code="a">The Magnet.</subfield></datafield><datafield ind1=" " ind2=" " tag="260"><subfield code="a">Shelby, Ala. :</subfield><subfield code="b">Magnet Co.,</subfield><subfield code="c">1892-1893.</subfield></datafield><datafield ind1=" " ind2=" " tag="300"><subfield code="a">v. :</subfield><subfield code="b">ill.</subfield></datafield><datafield ind1=" " ind2=" " tag="310"><subfield code="a">Weekly</subfield></datafield><datafield ind1="0" ind2=" " tag="362"><subfield code="a">Vol. 1, no. 1 (Feb. 12, 1892)-v. 1, no. 52 (Feb. 4, 1893).</subfield></datafield><datafield ind1=" " ind2=" " tag="500"><subfield code="a">Editors: Feb. 12, 1892-May 13, 1892, H.C. Hornady, Jr.; &lt;Aug. 19, 1892-Feb. 4, 1893&gt;, W.S. DuBose.</subfield></datafield><datafield ind1=" " ind2=" " tag="752"><subfield code="a">United States</subfield><subfield code="b">Alabama</subfield><subfield code="c">Shelby</subfield><subfield code="d">Shelby.</subfield></datafield><datafield ind1="1" ind2=" " tag="029"><subfield code="a">AU@</subfield><subfield code="b">000025829918</subfield></datafield></record>